%reviews:
@article{RevModPhys.71.S96,
  title = {The standard model of particle physics},
  author = {Gaillard, Mary K. and Grannis, Paul D. and Sciulli, Frank J.},
  journal = {Rev. Mod. Phys.},
  volume = {71},
  issue = {2},
  pages = {S96--S111},
  numpages = {0},
  year = {1999},
  month = {Mar},
  publisher = {American Physical Society},
  doi = {10.1103/RevModPhys.71.S96}
}

@article{ParticleDataGroup:2022pth,
    author = "Workman, R. L. and others",
    collaboration = "Particle Data Group",
    title = "{Review of particle physics}",
    doi = "10.1093/ptep/ptac097",
    journal = "PTEP",
    volume = "2022",
    pages = "083C01",
    year = "2022"
}

% RS theory:
@article{Graviton_theory,
   author={Randall, Lisa and Sundrum, Raman},
   title={Large mass hierarchy from a small extra dimension},
   journal={Phys. Rev. Lett.},
   volume={83},
   year={1999},
   pages="3370", 
   doi={10.1103/physrevlett.83.3370},
   archivePrefix  = "arXiv",
   primaryClass   = "hep-ph",
}

% RS theory 1998
@article{Arkani_Hamed_1998,
   title={The hierarchy problem and new dimensions at a millimeter},
   volume={429},
   ISSN={0370-2693},
   url={http://dx.doi.org/10.1016/S0370-2693(98)00466-3},
   DOI={10.1016/s0370-2693(98)00466-3},
   number={3–4},
   journal={Physics Letters B},
   publisher={Elsevier BV},
   author={Arkani–Hamed, Nima and Dimopoulos, Savas and Dvali, Gia},
   year={1998},
   month=jun, pages={263–272} }

@article{Overduin_1997,
   title={Kaluza-Klein gravity},
   volume={283},
   ISSN={0370-1573},
   url={http://dx.doi.org/10.1016/S0370-1573(96)00046-4},
   DOI={10.1016/s0370-1573(96)00046-4},
   number={5–6},
   journal={Physics Reports},
   publisher={Elsevier BV},
   author={Overduin, J.M. and Wesson, P.S.},
   year={1997},
   month=apr, pages={303–378} }


@article{Fitzpatrick:2007qr,
    author = "Fitzpatrick, A. Liam and Kaplan, Jared and Randall, Lisa and Wang, Lian-Tao",
    title = "{Searching for the Kaluza-Klein graviton in bulk RS models}",
    eprint = "hep-ph/0701150",
    archivePrefix = "arXiv",
    doi = "10.1088/1126-6708/2007/09/013",
    journal = "JHEP",
    volume = "09",
    pages = "013",
    year = "2007"
}

@article{Davoudiasl_2001,
   title={Bulk physics at a graviton factory},
   volume={512},
   ISSN={0370-2693},
   url={http://dx.doi.org/10.1016/S0370-2693(01)00704-3},
   DOI={10.1016/s0370-2693(01)00704-3},
   number={1–2},
   journal={Physics Letters B},
   publisher={Elsevier BV},
   author={Davoudiasl, Hooman and Rizzo, Thomas G.},
   year={2001},
   month=jul, pages={100–106} 
}


%PDF
@article{thennpdfcollaboration2024photonsprotonimplicationslhc,
      title={Photons in the proton: implications for the LHC}, 
      author="{NNPDF Collaboration}",
      year={2024},
      eprint={2401.08749},
      archivePrefix={arXiv},
      primaryClass={hep-ph}
}

@article{thennpdfcollaboration2024pathn3lopartondistributions,
      title={The path to N$^3$LO parton distributions}, 
      author="{NNPDF Collaboration}",
      year={2024},
      eprint={2402.18635},
      archivePrefix={arXiv},
      primaryClass={hep-ph}
}

@article{thennpdfcollaboration2022charmintrinsic,
   title={Evidence for intrinsic charm quarks in the proton},
   volume={608},
   ISSN={1476-4687},
   DOI={10.1038/s41586-022-04998-2},
   number={7923},
   journal={Nature},
   publisher={Springer Science and Business Media LLC},
   author="{NNPDF Collaboration}",
   year={2022},
   month=aug, pages={483–487} 
}

@article{Ball_2022,
   title={The path to proton structure at one-percent accuracy},
   volume={82},
   ISSN={1434-6052},
   DOI={10.1140/epjc/s10052-022-10328-7},
   number={5},
   journal={The European Physical Journal C},
   publisher={Springer Science and Business Media LLC},
   author="{NNPDF Collaboration}",
   year={2022},
   month=may 
}

%pp event sketch
@misc{pp_event_sketch,
  title = {Exploring new physics},
  year = 2020,
  url = {https://w3.lnf.infn.it/research/theoretical-physics/enp},
  urldate = {2020-04-28}
}

@misc{quanta-magazine-2020,
	title = {A new map of all the particles and forces},
	year = 2020,
	url = {https://www.quantamagazine.org/a-new-map-of-the-standard-model-of-particle-physics-20201022/}
}

# Wu Parity Violation
@article{PhysRev.105.1413,
  title = {Experimental Test of Parity Conservation in Beta Decay},
  author = {Wu, C. S. and Ambler, E. and Hayward, R. W. and Hoppes, D. D. and Hudson, R. P.},
  journal = {Phys. Rev.},
  volume = {105},
  issue = {4},
  pages = {1413--1415},
  numpages = {0},
  year = {1957},
  month = {Feb},
  publisher = {American Physical Society},
  doi = {10.1103/PhysRev.105.1413},
  url = {https://link.aps.org/doi/10.1103/PhysRev.105.1413}
}

#Fermi beta decay
@article{Nanni_2019,
   title={Fermi's theory of beta decay: a first attempt at electroweak unification},
   volume={13},
   ISSN={1313-1311},
   url={http://dx.doi.org/10.12988/astp.2019.8939},
   DOI={10.12988/astp.2019.8939},
   number={6},
   journal={Advanced Studies in Theoretical Physics},
   publisher={Hikari, Ltd.},
   author={Nanni, Luca},
   year={2019},
   pages={281–293} 
}

# Weinberg Salam EW
@article{PhysRev.127.965,
  title = {Broken Symmetries},
  author = {Goldstone, Jeffrey and Salam, Abdus and Weinberg, Steven},
  journal = {Phys. Rev.},
  volume = {127},
  issue = {3},
  pages = {965--970},
  numpages = {0},
  year = {1962},
  month = {Aug},
  publisher = {American Physical Society},
  doi = {10.1103/PhysRev.127.965},
  url = {https://link.aps.org/doi/10.1103/PhysRev.127.965}
}

# discovery of W and Z
@article{DiLella:2015yit,
    author = "Di Lella, Luigi and Rubbia, Carlo",
    title = "{The Discovery of the W and Z Particles}",
    doi = "10.1142/9789814644150_0006",
    journal = "Adv. Ser. Direct. High Energy Phys.",
    volume = "23",
    pages = "137--163",
    year = "2015"
}
