%reviews:
@article{RevModPhys.71.S96,
  title = {The standard model of particle physics},
  author = {Gaillard, Mary K. and Grannis, Paul D. and Sciulli, Frank J.},
  journal = {Rev. Mod. Phys.},
  volume = {71},
  issue = {2},
  pages = {S96--S111},
  numpages = {0},
  year = {1999},
  month = {Mar},
  publisher = {American Physical Society},
  doi = {10.1103/RevModPhys.71.S96}
}

@article{ParticleDataGroup:2022pth,
    author = "Workman, R. L. and others",
    collaboration = "Particle Data Group",
    title = "{Review of particle physics}",
    doi = "10.1093/ptep/ptac097",
    journal = "PTEP",
    volume = "2022",
    pages = "083C01",
    year = "2022"
}

@article{Carlip_2015,
   title={Quantum gravity: A brief history of ideas and some prospects},
   volume={24},
   ISSN={1793-6594},
   url={http://dx.doi.org/10.1142/S0218271815300281},
   DOI={10.1142/s0218271815300281},
   number={11},
   journal={International Journal of Modern Physics D},
   publisher={World Scientific Pub Co Pte Ltd},
   author={Carlip, Steven and Chiou, Dah-Wei and Ni, Wei-Tou and Woodard, Richard},
   year={2015},
   month=sep, pages={1530028} 
}
